@article{Kulyukin,
author = {Kulyukin, Vladimir and Mukherjee, Sarbajit and Amlathe, Prakhar},
year = {2018},
month = {09},
pages = {1573},
title = {Toward Audio Beehive Monitoring: Deep Learning vs. Standard Machine Learning in Classifying Beehive Audio Samples},
volume = {8},
journal = {Applied Sciences},
doi = {10.3390/app8091573}
}

@online{BeePi,
author = {Kulyukin, Vladimir and Mukherjee, Sarbajit and Amlathe, Prakhar},
year = {2018},
title = {BUZZ1: A Dataset of Bee Buzzing, Cricket Chirping, and Ambient Noise Audio Samples},
url = {https://usu.app.box.com/v/BeePiAudioData}
urldate = {2019-01-17}
}