@book{Goodfellow-et-al-2016,
    title={Deep Learning},
    author={Ian Goodfellow and Yoshua Bengio and Aaron Courville},
    publisher={MIT Press},
    note={\url{http://www.deeplearningbook.org}},
    year={2016}
}

@misc{cnntutorial,
  author = {CS231},
  title = {{CS231n Convolutional Neural Networks for Visual Recognition}},
  howpublished = "\url{http://cs231n.github.io/convolutional-networks/}",
  year = {2018}, 
  note = "[Online; accessed 12-December-2018]"
}